@article{Klijnsma:2017eqp,
    author         = "Klijnsma, Thomas and Bethke, Siegfried and Dissertori, GÃ¼nther and Salam, Gavin P.",
    title          = "{Determination of the strong coupling constant $\alpha_s(m_Z)$ from measurements of the total cross section for top-antitop quark production}",
    journal        = "Eur. Phys. J. C",
    volume         = "77",
    year           = "2017",
    pages          = "778",
    doi            = "10.1140/epjc/s10052-017-5340-5",
    eprint         = "1708.07495",
    archivePrefix  = "arXiv",
    primaryClass   = "hep-ph",
    reportNumber   = "CERN-TH-2017-183",
    SLACcitation   = "%%CITATION = ARXIV:1708.07495;%%"
    }

@article{DAgostini:1993arp,
    author         = "D'Agostini, G.",
    title          = "{On the use of the covariance matrix to fit correlated data}",
    journal        = "Nucl. Instrum. Meth. A",
    volume         = "346",
    year           = "1994",
    pages          = "306",
    doi            = "10.1016/0168-9002(94)90719-6",
    SLACcitation   = "%%CITATION = NUIMA,A346,306;%%"
    }

@techreport{CMS:2012rua,
    author          = "CMS Collaboration",
    title           = "Absolute Calibration of the Luminosity Measurement at {CMS}: {Winter} 2012 Update",
    collaboration   = "CMS",
    year            = "2012",
    SLACcitation    = "%%CITATION = CMS-PAS-SMP-12-008;%%",
    type            = "{CMS Physics Analysis Summary}",
    number          = "CMS-PAS-SMP-12-008",
    url             = "https://cds.cern.ch/record/1434360"
    }

@techreport{CMS:2013gfa,
    author          = "CMS Collaboration",
    title           = "{CMS} Luminosity Based on Pixel Cluster Counting - {Summer} 2013 Update",
    collaboration   = "CMS",
    year            = "2013",
    SLACcitation    = "%%CITATION = CMS-PAS-LUM-13-001;%%",
    type            = "{CMS Physics Analysis Summary}",
    number          = "CMS-PAS-LUM-13-001",
    url             = "https://cds.cern.ch/record/1598864"
    }

@techreport{CMS:2016eto,
    author          = "CMS Collaboration",
    title           = "{CMS} Luminosity Measurement for the 2015 Data Taking Period",
    collaboration   = "CMS",
    year            = "2016",
    SLACcitation    = "%%CITATION = CMS-PAS-LUM-15-001;%%",
    type            = "{CMS Physics Analysis Summary}",
    number          = "CMS-PAS-LUM-15-001",
    url             = "https://cds.cern.ch/record/2138682"
    }

@article{BLUE1,
    author         = "Lyons, L. and Gibaut, D. and Clifford, P.",
    title          = "{H}ow to combine correlated estimates of a single physical quantity",
    journal        = "Nucl. Instr. Meth. Phys. Res. A",
    volume         = "270",
    year           = "1988",
    pages          = "110",
    doi            = "10.1016/0168-9002(88)90018-6"
    }

@article{Valassi:2003mu,
    author         = "Valassi, A.",
    title          = "{Combining correlated measurements of several different physical quantities}",
    journal        = "Nucl. Instrum. Meth. A",
    volume         = "500",
    year           = "2003",
    pages          = "391",
    doi            = "10.1016/S0168-9002(03)00329-2",
    SLACcitation   = "%%CITATION = NUIMA,A500,391;%%"
    }

@techreport{topcombination_7TeV,
    author       = "{ATLAS and CMS Collaborations}",
    title        = "{Combination of ATLAS and CMS top-quark pair cross section measurements using proton-proton collisions at {$\sqrt{s}$} = 7 TeV}",
    year         = "2013",
    number       = "ATLAS-CONF-2012-134, CMS-PAS-TOP-12-003",
    SLACcitation = "%%CITATION = CMS-PAS-TOP-12-003;%%",
    url          = "http://cds.cern.ch/record/1541952"
    }

@techreport{topcombination_8TeV,
    author = "{ATLAS and CMS Collaborations}",
    title  = "{C}ombination of {ATLAS} and {CMS} top quark pair cross section measurements in the {$e\mu$} final state using proton-proton collisions at {$\sqrt{s}$} = 8 {TeV}",
    year   = "2014",
    number = "ATLAS-CONF-2014-054, CMS-PAS-TOP-14-016",
    url    = "http://cds.cern.ch/record/1951322"
    }


@article{Aaltonen:2013wca,
    title          = "Combination of measurements of the top-quark pair production cross section from the {Tevatron} Collider",
    collaboration  = "{CDF and D0 Collaborations}",
    journal        = "Phys. Rev. D",
    volume         = "89",
    year           = "2014",
    pages          = "072001",
    doi            = "10.1103/PhysRevD.89.072001",
    eprint         = "1309.7570",
    archivePrefix  = "arXiv",
    primaryClass   = "hep-ex",
    reportNumber   = "FERMILAB-PUB-13-432-E",
    SLACcitation   = "%%CITATION = ARXIV:1309.7570;%%"
    }

@unpublished{GavinLHCPtalk,
    author         = "Salam, G. P.",
    title          = "{QCD} Theory Overview: {Towards} Precision at {LHC}",
    year           = "2016",
    note           = "Talk at fourth {Annual} {Large} {Hadron} {Collider} {Physics} {Conference},
    {J}une 2016, {Lund}, {Sweden}",
    url            = "https://indico.cern.ch/event/442390/contributions/1095992/attachments/1290565/1921904/LHCP-QCD-43.pdf"
    }

@article{Todesco:2017nnk,
    author         = "Todesco, E. and Wenninger, J.",
    title          = "{Large Hadron Collider momentum calibration and accuracy}",
    journal        = "Phys. Rev. Accel. Beams",
    volume         = "20",
    year           = "2017",
    pages          = "081003",
    doi            = "10.1103/PhysRevAccelBeams.20.081003",
    SLACcitation   = "%%CITATION = INSPIRE-1618103;%%"
    }

@techreport{Wenninger:1546734,
    author        = "Wenninger, J",
    title         = "{Energy Calibration of the LHC Beams at 4 TeV}",
    institution   = "CERN",
    number        = "CERN-ATS-2013-040",
    year          = "2013",
    reportNumber  = "CERN-ATS-2013-040",
    url           = "https://cds.cern.ch/record/1546734"
    }

@techreport{Johnson:1988bx,
    author         = "Johnson, R.",
    title          = "{Tevatron energy calibration for the '87 collider run}",
    year           = "1988",
    reportNumber   = "FERMILAB-EXP-156",
    number         = "FERMILAB-EXP-156",
    SLACcitation   = "%%CITATION = FERMILAB-EXP-156;%%",
    url            = "http://inspirehep.net/record/274612"
    }

--------------------------------------------------
@article{Dissertori:2015tfa,
    author         = "Dissertori, G.",
    title          = "The Determination of the Strong Coupling Constant",
    journal        = "Adv. Ser. Direct. High Energy Phys.",
    volume         = "26",
    year           = "2016",
    pages          = "113",
    doi            = "10.1142/9789814733519{\_}0006",
    eprint         = "1506.05407",
    archivePrefix  = "arXiv",
    primaryClass   = "hep-ex",
    SLACcitation   = "%%CITATION = ARXIV:1506.05407;%%"
    }

@article{pdg,
    title         = "Review of Particle Physics",
    collaboration = "Particle Data Group",
    journal       = "Phys. Rev. D",
    volume        = "98",
    pages         = "030001",
    year          = "2018",
    doi           = "10.1103/PhysRevD.98.030001",
    url           = "https://link.aps.org/doi/10.1103/PhysRevD.98.030001"
    }

@article{Baikov:2016tgj,
    author        = "Baikov, P. A. and Chetyrkin, K. G. and K{\"u}hn, J. H.",
    title         = "{Five-Loop} {R}unning of the {QCD} coupling constant",
    journal       = "Phys. Rev. Lett.",
    volume        = "118",
    year          = "2017",
    pages         = "082002",
    doi           = "10.1103/PhysRevLett.118.082002",
    eprint        = "1606.08659",
    archivePrefix = "arXiv",
    primaryClass  = "hep-ph",
    reportNumber  = "TTP16-026",
    SLACcitation  = "%%CITATION = ARXIV:1606.08659;%%",
    rawtitle      = "{Five-Loop Running of the QCD coupling constant}"
    }

@article{Herzog:2017ohr,
    author        = "Herzog, F. and Ruijl, B. and Ueda, T. and Vermaseren, J. A. M. and Vogt, A.",
    title         = "The five-loop beta function of {Yang-Mills} theory with fermions",
    journal       = "JHEP",
    volume        = "02",
    year          = "2017",
    pages         = "090",
    doi           = "10.1007/JHEP02(2017)090",
    eprint        = "1701.01404",
    archivePrefix = "arXiv",
    primaryClass  = "hep-ph",
    reportNumber  = "NIKHEF-2017-001, LTH-1117",
    SLACcitation  = "%%CITATION = ARXIV:1701.01404;%%",
    rawtitle      = "{The five-loop beta function of Yang-Mills theory with fermions}"
    }

@article{Anastasiou:2016cez,
    author        = "Anastasiou, Charalampos and Duhr, Claude and Dulat, Falko and Furlan, Elisabetta and Gehrmann, Thomas and Herzog, Franz and Lazopoulos, Achilleas and Mistlberger, Bernhard",
    title         = "High precision determination of the gluon fusion {H}iggs boson cross-section at the {LHC}",
    journal       = "JHEP",
    volume        = "05",
    year          = "2016",
    pages         = "058",
    doi           = "10.1007/JHEP05(2016)058",
    eprint        = "1602.00695",
    archivePrefix = "arXiv",
    primaryClass  = "hep-ph",
    reportNumber  = "CP3-16-01, ZU-TH-27-15, NIKHEF-2016-004, CERN-TH-2016-006",
    SLACcitation  = "%%CITATION = ARXIV:1602.00695;%%",
    rawtitle      = "{High precision determination of the gluon fusion Higgs boson cross-section at the LHC}"
    }

@article{Aoki:2016frl,
    author        = "Aoki, S. and others",
    title         = "Review of lattice results concerning low-energy particle physics",
    journal       = "Eur. Phys. J. C",
    volume        = "77",
    year          = "2017",
    pages         = "112",
    doi           = "10.1140/epjc/s10052-016-4509-7",
    eprint        = "1607.00299",
    archivePrefix = "arXiv",
    primaryClass  = "hep-lat",
    reportNumber  = "CP3-Origins-2016-023, DESY-16-111, DIAS-2016-23, Edinburgh-2016-11, FTUAM-16-23, HIM-2016-02, IFT-UAM-CSIC-16-057, LPT-Orsay-16-47, MITP-16-059, RM3-TH-16-7, ROM2F-2016-05, YITP-16-77",
    SLACcitation  = "%%CITATION = ARXIV:1607.00299;%%",
    rawtitle      = "{Review of lattice results concerning low-energy particle physics}"
    }

@article{McNeile:2010ji,
    author        = "McNeile, C. and Davies, C. T. H. and Follana, E. and Hornbostel, K. and Lepage, G. P.",
    title         = "{High-Precision} c and b {M}asses, and {QCD} {C}oupling from {Current-Current} {C}orrelators in {L}attice and {C}ontinuum {QCD}",
    journal       = "Phys. Rev. D",
    volume        = "82",
    year          = "2010",
    pages         = "034512",
    doi           = "10.1103/PhysRevD.82.034512",
    eprint        = "1004.4285",
    archivePrefix = "arXiv",
    primaryClass  = "hep-lat",
    SLACcitation  = "%%CITATION = ARXIV:1004.4285;%%",
    rawtitle      = "{High-Precision c and b Masses, and QCD Coupling from Current-Current Correlators in Lattice and Continuum QCD}"
    }

@article{Bruno:2017gxd,
    author        = "Bruno, Mattia and Dalla Brida, Mattia and Fritzsch, Patrick and Korzec, Tomasz and Ramos, Alberto and Schaefer, Stefan and Simma, Hubert and Sint, Stefan and Sommer, Rainer",
    title         = "{QCD} {C}oupling from a {N}onperturbative {D}etermination of the {Three-Flavor} {$\Lambda$} Parameter",
    collaboration = "ALPHA",
    journal       = "Phys. Rev. Lett.",
    volume        = "119",
    year          = "2017",
    pages         = "102001",
    doi           = "10.1103/PhysRevLett.119.102001",
    eprint        = "1706.03821",
    archivePrefix = "arXiv",
    primaryClass  = "hep-lat",
    reportNumber  = "CERN-TH-2017-129, DESY-17-088, WUB-17-03",
    SLACcitation  = "%%CITATION = ARXIV:1706.03821;%%",
    rawtitle      = "{QCD Coupling from a Nonperturbative Determination of the Three-Flavor $\Lambda$ Parameter}"
    }

@article{Abbate:2010xh,
    author        = "Abbate, Riccardo and Fickinger, Michael and Hoang, Andre H. and Mateu, Vicent and Stewart, Iain W.",
    title         = "Thrust at {$N^3LL$} with {P}ower {C}orrections and a {P}recision {G}lobal {F}it for {$\alpha_s(mZ)$}",
    journal       = "Phys. Rev. D",
    volume        = "83",
    year          = "2011",
    pages         = "074021",
    doi           = "10.1103/PhysRevD.83.074021",
    eprint        = "1006.3080",
    archivePrefix = "arXiv",
    primaryClass  = "hep-ph",
    reportNumber  = "MIT-CTP-4101, MPP-2010-7",
    SLACcitation  = "%%CITATION = ARXIV:1006.3080;%%",
    rawtitle      = "{Thrust at N^3LL with Power Corrections and a Precision Global Fit for alphas(mZ)}"
    }

@article{Hoang:2015hka,
    author        = "Hoang, Andr{\'e} H. and Kolodrubetz, Daniel W. and Mateu, Vicent and Stewart, Iain W.",
    title         = "Precise determination of {$\alpha_s$} from the {$C$} -parameter distribution",
    journal       = "Phys. Rev. D",
    volume        = "91",
    year          = "2015",
    pages         = "094018",
    doi           = "10.1103/PhysRevD.91.094018",
    eprint        = "1501.04111",
    archivePrefix = "arXiv",
    primaryClass  = "hep-ph",
    reportNumber  = "UWTHPH-2015-1, MIT-CTP-4630, LPN14-128",
    SLACcitation  = "%%CITATION = ARXIV:1501.04111;%%",
    rawtitle      = "{Precise determination of $\alpha_s$ from the $C$-parameter distribution}"
    }

@article{Gehrmann:2012sc,
    author        = "Gehrmann, Thomas and Luisoni, Gionata and Monni, Pier Francesco",
    title         = "Power corrections in the dispersive model for a determination of the strong coupling constant from the thrust distribution",
    journal       = "Eur. Phys. J. C",
    volume        = "73",
    year          = "2013",
    pages         = "2265",
    doi           = "10.1140/epjc/s10052-012-2265-x",
    eprint        = "1210.6945",
    archivePrefix = "arXiv",
    primaryClass  = "hep-ph",
    reportNumber  = "ZU-TH-23-12, IPPP-12-77, DCPT-12-154, MPP-2012-143",
    SLACcitation  = "%%CITATION = ARXIV:1210.6945;%%",
    rawtitle      = "{Power corrections in the dispersive model for a determination of the strong coupling constant from the thrust distribution}"
    }

@article{Alekhin:2017kpj,
    author        = "Alekhin, S. and Bl{\"u}mlein, J. and Moch, S. and Placakyte, R.",
    title         = "Parton distribution functions, {$\alpha_s$} , and heavy-quark masses for {LHC} {R}un {II}",
    journal       = "Phys. Rev. D",
    volume        = "96",
    year          = "2017",
    pages         = "014011",
    doi           = "10.1103/PhysRevD.96.014011",
    eprint        = "1701.05838",
    archivePrefix = "arXiv",
    primaryClass  = "hep-ph",
    reportNumber  = "DESY-16-179, DO-TH-16-13",
    SLACcitation  = "%%CITATION = ARXIV:1701.05838;%%",
    rawtitle      = "{Parton distribution functions, $\alpha_s$, and heavy-quark masses for LHC Run II}"
    }

@article{Chatrchyan:2013haa,
    author        = "Chatrchyan, Serguei and others",
    title         = "Determination of the top-quark pole mass and strong coupling constant from the {$t\overline{t}$} production cross section in pp collisions at {$\sqrt{s}$} = 7 {TeV}",
    collaboration = "CMS",
    journal       = "Phys. Lett. B",
    volume        = "728",
    year          = "2014",
    pages         = "496",
    doi           = "10.1016/j.physletb.2014.08.040, 10.1016/j.physletb.2013.12.009",
    note          = "[Erratum: {\textit{Phys. Lett. B} \textbf{738} (2014) 526}]",
    eprint        = "1307.1907",
    archivePrefix = "arXiv",
    primaryClass  = "hep-ex",
    reportNumber  = "CMS-TOP-12-022, CERN-PH-EP-2013-121",
    SLACcitation  = "%%CITATION = ARXIV:1307.1907;%%",
    rawtitle      = "{Determination of the top-quark pole mass and strong coupling constant from the t t-bar production cross section in pp collisions at $\sqrt{s}$ = 7 TeV}"
    }

@article{Khachatryan:2016mqs,
    author        = "Khachatryan, Vardan and others",
    title         = "Measurement of the {$t\overline{t}$} production cross section in the {$e\mu$} channel in proton-proton collisions at {$\sqrt{s}$} = 7 and 8 {TeV}",
    collaboration = "CMS",
    journal       = "JHEP",
    volume        = "08",
    year          = "2016",
    pages         = "029",
    doi           = "10.1007/JHEP08(2016)029",
    eprint        = "1603.02303",
    archivePrefix = "arXiv",
    primaryClass  = "hep-ex",
    reportNumber  = "CMS-TOP-13-004, CERN-EP-2016-044",
    SLACcitation  = "%%CITATION = ARXIV:1603.02303;%%"
    }

@article{Khachatryan:2015uqb,
    author        = "Khachatryan, Vardan and others",
    title         = "Measurement of the top quark pair production cross section in proton-proton collisions at {$\sqrt{s}$} = 13 {TeV}",
    collaboration = "CMS",
    journal       = "Phys. Rev. Lett.",
    volume        = "116",
    year          = "2016",
    pages         = "052002",
    doi           = "10.1103/PhysRevLett.116.052002",
    eprint        = "1510.05302",
    archivePrefix = "arXiv",
    primaryClass  = "hep-ex",
    reportNumber  = "CMS-TOP-15-003, CERN-PH-EP-2015-280",
    SLACcitation  = "%%CITATION = ARXIV:1510.05302;%%"
    }

@article{Sirunyan:2017uhy,
    author        = "Sirunyan, Albert M. and others",
    title         = "Measurement of the {$t \bar t$} production cross section using events with one lepton and at least one jet in pp collisions at {$\sqrt{s}$} = 13 {TeV}",
    collaboration = "CMS",
    journal       = "JHEP",
    volume        = "09",
    year          = "2017",
    pages         = "051",
    doi           = "10.1007/JHEP09(2017)051",
    eprint        = "1701.06228",
    archivePrefix = "arXiv",
    primaryClass  = "hep-ex",
    reportNumber  = "CMS-TOP-16-006, CERN-EP-2016-321",
    SLACcitation  = "%%CITATION = ARXIV:1701.06228;%%",
    rawtitle      = "{Measurement of the $t \bar t$ production cross section using events with one lepton and at least one jet in pp collisions at $\sqrt{s}$ = 13 TeV}"
    }

@article{Aad:2014kva,
    author        = "Aad, Georges and others",
    title         = "Measurement of the {$t\bar{t}$} production cross-section using {$e\mu $} events with b-tagged jets in pp collisions at {$\sqrt{s}$} = 7 and 8 {$\,\mathrm{TeV}$} with the {ATLAS} detector",
    collaboration = "ATLAS",
    journal       = "Eur. Phys. J. C",
    volume        = "74",
    year          = "2014",
    pages         = "3109",
    doi           = "10.1140/epjc/s10052-016-4501-2, 10.1140/epjc/s10052-014-3109-7",
    note          = "[Addendum: Eur. Phys. J. C {\textbf{76}}, 642 (2016)]",
    eprint        = "1406.5375",
    archivePrefix = "arXiv",
    primaryClass  = "hep-ex",
    reportNumber  = "CERN-PH-EP-2014-124, CERN-EP-2014-124",
    SLACcitation  = "%%CITATION = ARXIV:1406.5375;%%",
    rawtitle      = "{Measurement of the $t\bar{t}$ production cross-section using $e\mu $ events with b-tagged jets in pp collisions at $\sqrt{s}$ = 7 and 8  $\,\mathrm{TeV}$ with the ATLAS detector}"
    }

@article{Aaboud:2016pbd,
    author        = "Aaboud, Morad and others",
    title         = "Measurement of the {$t\bar{t}$} production cross-section using {$e\mu$} events with b-tagged jets in pp collisions at {$\sqrt{s}$} =13 {TeV} with the {ATLAS} detector",
    collaboration = "ATLAS",
    journal       = "Phys. Lett. B",
    volume        = "761",
    year          = "2016",
    pages         = "136",
    doi           = "10.1016/j.physletb.2016.08.019, 10.1016/j.physletb.2017.09.027",
    note          = "[Erratum: Phys. Lett. B {\textbf{772}}, 879 (2017)]",
    eprint        = "1606.02699",
    archivePrefix = "arXiv",
    primaryClass  = "hep-ex",
    reportNumber  = "CERN-EP-2016-088",
    SLACcitation  = "%%CITATION = ARXIV:1606.02699;%%",
    rawtitle      = "{Measurement of the $t\bar{t}$ production cross-section using $e\mu$ events with b-tagged jets in pp collisions at $\sqrt{s}$=13 TeV with the ATLAS detector}"
    }

@article{Boughezal:2015ded,
    author        = "Boughezal, Radja and Campbell, John M. and Ellis, R. Keith and Focke, Christfried and Giele, Walter T. and Liu, Xiaohui and Petriello, Frank",
    title         = "Z-boson production in association with a jet at next-to-next-to-leading order in perturbative {QCD}",
    journal       = "Phys. Rev. Lett.",
    volume        = "116",
    year          = "2016",
    pages         = "152001",
    doi           = "10.1103/PhysRevLett.116.152001",
    eprint        = "1512.01291",
    archivePrefix = "arXiv",
    primaryClass  = "hep-ph",
    reportNumber  = "FERMILAB-PUB-15-519-T, IPPP-15-79",
    SLACcitation  = "%%CITATION = ARXIV:1512.01291;%%",
    rawtitle      = "{Z-boson production in association with a jet at next-to-next-to-leading order in perturbative QCD}"
    }

@article{Ridder:2016nkl,
    author        = "Gehrmann-De Ridder, Aude and Gehrmann, T. and Glover, E. W. N. and Huss, A. and Morgan, T. A.",
    title         = "The {NNLO} {QCD} corrections to {Z} boson production at large transverse momentum",
    journal       = "JHEP",
    volume        = "07",
    year          = "2016",
    pages         = "133",
    doi           = "10.1007/JHEP07(2016)133",
    eprint        = "1605.04295",
    archivePrefix = "arXiv",
    primaryClass  = "hep-ph",
    reportNumber  = "IPPP-16-39, NSF-KITP-16-067, ZU-TH-18-16",
    SLACcitation  = "%%CITATION = ARXIV:1605.04295;%%",
    rawtitle      = "{The NNLO QCD corrections to Z boson production at large transverse momentum}"
    }

@inproceedings{Currie:2017tfd,
    author        = "Currie, James and Gehrmann-De Ridder, Aude and Gehrmann, Thomas and Glover, E. W. N. and Huss, Alexander and Pires, Joao",
    title         = "Differential single jet inclusive production at {Next-to-Next-to-Leading} {O}rder in {QCD}",
    booktitle     = "{Proceedings, 52nd Rencontres de Moriond on QCD and High Energy Interactions: La Thuile, Italy, March 25-April 1, 2017}",
    year          = "2017",
    pages         = "211",
    eprint        = "1705.08205",
    archivePrefix = "arXiv",
    primaryClass  = "hep-ph",
    reportNumber  = "MPP-2017-101, IPPP-17-44",
    SLACcitation  = "%%CITATION = ARXIV:1705.08205;%%",
    rawtitle      = "{Differential single jet inclusive production at Next-to-Next-to-Leading Order in QCD}"
    }

@article{Currie:2017tpe,
    author        = "Currie, James and Gehrmann, Thomas and Huss, Alexander and Niehues, Jan",
    title         = "{NNLO} {QCD} corrections to jet production in deep inelastic scattering",
    journal       = "JHEP",
    volume        = "07",
    year          = "2017",
    pages         = "018",
    doi           = "10.1007/JHEP07(2017)018",
    eprint        = "1703.05977",
    archivePrefix = "arXiv",
    primaryClass  = "hep-ph",
    SLACcitation  = "%%CITATION = ARXIV:1703.05977;%%",
    rawtitle      = "{NNLO QCD corrections to jet production in deep inelastic scattering}"
    }

@article{Czakon:2011xx,
    author        = "Czakon, Micha{\l} and Mitov, Alexander",
    title         = "Top++: {A} {P}rogram for the {C}alculation of the {Top-Pair} {Cross-Section} at {H}adron {C}olliders",
    journal       = "Comput. Phys. Commun.",
    volume        = "185",
    year          = "2014",
    pages         = "2930",
    doi           = "10.1016/j.cpc.2014.06.021",
    eprint        = "1112.5675",
    archivePrefix = "arXiv",
    primaryClass  = "hep-ph",
    reportNumber  = "CERN-PH-TH-2011-303, TTK-11-58",
    SLACcitation  = "%%CITATION = ARXIV:1112.5675;%%",
    rawtitle      = "{Top++: A Program for the Calculation of the Top-Pair Cross-Section at Hadron Colliders}"
    }

@article{Czakon:2013goa,
    author        = "Czakon, Micha{\l} and Fiedler, Paul and Mitov, Alexander",
    title         = "Total {Top-Quark} {Pair-Production} {C}ross {S}ection at {H}adron {C}olliders {T}hrough {$O(\alpha\frac{4}{S})$}",
    journal       = "Phys. Rev. Lett.",
    volume        = "110",
    year          = "2013",
    pages         = "252004",
    doi           = "10.1103/PhysRevLett.110.252004",
    eprint        = "1303.6254",
    archivePrefix = "arXiv",
    primaryClass  = "hep-ph",
    reportNumber  = "CERN-PH-TH-2013-056, TTK-13-08",
    SLACcitation  = "%%CITATION = ARXIV:1303.6254;%%",
    rawtitle      = "{Total Top-Quark Pair-Production Cross Section at Hadron Colliders Through $O(\alpha\frac{4}{S})$}"
    }

@article{Beneke:2009rj,
    author        = "Beneke, M. and Falgari, P. and Schwinn, C.",
    title         = "Soft radiation in heavy-particle pair production: {A}ll-order colour structure and two-loop anomalous dimension",
    journal       = "Nucl. Phys. B",
    volume        = "828",
    year          = "2010",
    pages         = "69",
    doi           = "10.1016/j.nuclphysb.2009.11.004",
    eprint        = "0907.1443",
    archivePrefix = "arXiv",
    primaryClass  = "hep-ph",
    reportNumber  = "PITHA-09-16, IPPP-09-48, DCPT-09-96, SFB-CPP-09-59",
    SLACcitation  = "%%CITATION = ARXIV:0907.1443;%%",
    rawtitle      = "{Soft radiation in heavy-particle pair production: All-order colour structure and two-loop anomalous dimension}"
    }

@article{Czakon:2009zw,
    author        = "Czakon, Michal and Mitov, Alexander and Sterman, George F.",
    title         = "Threshold {R}esummation for {Top-Pair} {H}adroproduction to {Next-to-Next-to-Leading} {L}og",
    journal       = "Phys. Rev. D",
    volume        = "80",
    year          = "2009",
    pages         = "074017",
    doi           = "10.1103/PhysRevD.80.074017",
    eprint        = "0907.1790",
    archivePrefix = "arXiv",
    primaryClass  = "hep-ph",
    reportNumber  = "PITHA-09-17, ITP-SB-09-20",
    SLACcitation  = "%%CITATION = ARXIV:0907.1790;%%",
    rawtitle      = "{Threshold Resummation for Top-Pair Hadroproduction to Next-to-Next-to-Leading Log}"
    }

@article{Bagnaschi:2014wea,
    author        = "Bagnaschi, Emanuele and Cacciari, Matteo and Guffanti, Alberto and Jenniches, Laura",
    title         = "An extensive survey of the estimation of uncertainties from missing higher orders in perturbative calculations",
    journal       = "JHEP",
    volume        = "02",
    year          = "2015",
    pages         = "133",
    doi           = "10.1007/JHEP02(2015)133",
    eprint        = "1409.5036",
    archivePrefix = "arXiv",
    primaryClass  = "hep-ph",
    reportNumber  = "LPN14-115",
    SLACcitation  = "%%CITATION = ARXIV:1409.5036;%%",
    rawtitle      = "{An extensive survey of the estimation of uncertainties from missing higher orders in perturbative calculations}"
    }

@article{Dreyer:2016oyx,
    author        = "Dreyer, Fr{\'e}d{\'e}ric A. and Karlberg, Alexander",
    title         = "{Vector-Boson} {F}usion {H}iggs {P}roduction at {T}hree {L}oops in {QCD}",
    journal       = "Phys. Rev. Lett.",
    volume        = "117",
    year          = "2016",
    pages         = "072001",
    doi           = "10.1103/PhysRevLett.117.072001",
    eprint        = "1606.00840",
    archivePrefix = "arXiv",
    primaryClass  = "hep-ph",
    reportNumber  = "CERN-TH-2016-127, OUTP-16-12P",
    SLACcitation  = "%%CITATION = ARXIV:1606.00840;%%",
    rawtitle      = "{Vector-Boson Fusion Higgs Production at Three Loops in QCD}"
    }

@article{Buckley:2014ana,
    author        = "Buckley, Andy and Ferrando, James and Lloyd, Stephen and Nordstr{\"o}m, Karl and Page, Ben and R{\"u}fenacht, Martin and Sch{\"o}nherr, Marek and Watt, Graeme",
    title         = "{LHAPDF6:} parton density access in the {LHC} precision era",
    journal       = "Eur. Phys. J. C",
    volume        = "75",
    year          = "2015",
    pages         = "132",
    doi           = "10.1140/epjc/s10052-015-3318-8",
    eprint        = "1412.7420",
    archivePrefix = "arXiv",
    primaryClass  = "hep-ph",
    reportNumber  = "GLAS-PPE-2014-05, MCNET-14-29, IPPP-14-111, DCPT-14-222",
    SLACcitation  = "%%CITATION = ARXIV:1412.7420;%%",
    rawtitle      = "{LHAPDF6: parton density access in the LHC precision era}"
    }

@article{Dulat:2015mca,
    author        = "Dulat, Sayipjamal and Hou, Tie-Jiun and Gao, Jun and Guzzi, Marco and Huston, Joey and Nadolsky, Pavel and Pumplin, Jon and Schmidt, Carl and Stump, Daniel and Yuan, C. P.",
    title         = "New parton distribution functions from a global analysis of quantum chromodynamics",
    journal       = "Phys. Rev. D",
    volume        = "93",
    year          = "2016",
    pages         = "033006",
    doi           = "10.1103/PhysRevD.93.033006",
    eprint        = "1506.07443",
    archivePrefix = "arXiv",
    primaryClass  = "hep-ph",
    SLACcitation  = "%%CITATION = ARXIV:1506.07443;%%",
    rawtitle      = "{New parton distribution functions from a global analysis of quantum chromodynamics}"
    }

@article{Harland-Lang:2014zoa,
    author        = "Harland-Lang, L. A. and Martin, A. D. and Motylinski, P. and Thorne, R. S.",
    title         = "Parton distributions in the {LHC} era: {MMHT} 2014 {PDFs}",
    journal       = "Eur. Phys. J. C",
    volume        = "75",
    year          = "2015",
    pages         = "204",
    doi           = "10.1140/epjc/s10052-015-3397-6",
    eprint        = "1412.3989",
    archivePrefix = "arXiv",
    primaryClass  = "hep-ph",
    reportNumber  = "LCTS-2014-47, IPPP-14-97, DCPT-14-194",
    SLACcitation  = "%%CITATION = ARXIV:1412.3989;%%",
    rawtitle      = "{Parton distributions in the LHC era: MMHT 2014 PDFs}"
    }

@article{Ball:2017nwa,
    author        = "Ball, Richard D. and others",
    title         = "Parton distributions from high-precision collider data",
    collaboration = "NNPDF",
    journal       = "Eur. Phys. J. C",
    volume        = "77",
    year          = "2017",
    pages         = "663",
    doi           = "10.1140/epjc/s10052-017-5199-5",
    eprint        = "1706.00428",
    archivePrefix = "arXiv",
    primaryClass  = "hep-ph",
    reportNumber  = "CAVENDISH-HEP-17-06, CERN-TH-2017-077, EDINBURGH-2017-08, NIKHEF-2017-006, OUTP-17-04P, TIF-UNIMI-2017-3",
    SLACcitation  = "%%CITATION = ARXIV:1706.00428;%%",
    rawtitle      = "{Parton distributions from high-precision collider data}"
    }

@article{Aad:2013ucp,
    author        = "Aad, Georges and others",
    title         = "Improved luminosity determination in pp collisions at {$\sqrt{s}$} = 7 {TeV} using the {ATLAS} detector at the {LHC}",
    collaboration = "ATLAS",
    journal       = "Eur. Phys. J. C",
    volume        = "73",
    year          = "2013",
    pages         = "2518",
    doi           = "10.1140/epjc/s10052-013-2518-3",
    eprint        = "1302.4393",
    archivePrefix = "arXiv",
    primaryClass  = "hep-ex",
    reportNumber  = "CERN-PH-EP-2013-026",
    SLACcitation  = "%%CITATION = ARXIV:1302.4393;%%"
    }

@article{Aaboud:2016hhf,
    author        = "Aaboud, Morad and others",
    title         = "Luminosity determination in pp collisions at {$\sqrt{s}$} = 8 {TeV} using the {ATLAS} detector at the {LHC}",
    collaboration = "ATLAS",
    journal       = "Eur. Phys. J. C",
    volume        = "76",
    year          = "2016",
    pages         = "653",
    doi           = "10.1140/epjc/s10052-016-4466-1",
    eprint        = "1608.03953",
    archivePrefix = "arXiv",
    primaryClass  = "hep-ex",
    reportNumber  = "CERN-EP-2016-117",
    SLACcitation  = "%%CITATION = ARXIV:1608.03953;%%",
    rawtitle      = "{Luminosity determination in pp collisions at $\sqrt{s}$ = 8 TeV using the ATLAS detector at the LHC}"
    }

@article{Butterworth:2015oua,
    author        = "Butterworth, Jon and others",
    title         = "{PDF4LHC} recommendations for {LHC} {R}un {II}",
    journal       = "J. Phys. G",
    volume        = "43",
    year          = "2016",
    pages         = "023001",
    doi           = "10.1088/0954-3899/43/2/023001",
    eprint        = "1510.03865",
    archivePrefix = "arXiv",
    primaryClass  = "hep-ph",
    reportNumber  = "OUTP-15-17P, SMU-HEP-15-12, TIF-UNIMI-2015-14, LCTS-2015-27, CERN-PH-TH-2015-249",
    SLACcitation  = "%%CITATION = ARXIV:1510.03865;%%",
    rawtitle      = "{PDF4LHC recommendations for LHC Run II}"
    }

@article{Baak:2014ora,
    author        = "Baak, M. and C{\'u}th, J. and Haller, J. and Hoecker, A. and Kogler, R. and M{\"o}nig, K. and Schott, M. and Stelzer, J.",
    title         = "The global electroweak fit at {NNLO} and prospects for the {LHC} and {ILC}",
    collaboration = "Gfitter Group",
    journal       = "Eur. Phys. J. C",
    volume        = "74",
    year          = "2014",
    pages         = "3046",
    doi           = "10.1140/epjc/s10052-014-3046-5",
    eprint        = "1407.3792",
    archivePrefix = "arXiv",
    primaryClass  = "hep-ph",
    reportNumber  = "DESY-14-124",
    SLACcitation  = "%%CITATION = ARXIV:1407.3792;%%",
    rawtitle      = "{The global electroweak fit at NNLO and prospects for the LHC and ILC}"
    }
