
@techreport{AN-17-244,
    author          = "Donega, Mauro and Klijnsma, Thomas and Musella, Pasquale and Tavolaro, Vittorio Raoul and Sperka, David",
    title           = "Combined measurement and interpretation of differential {H}iggs boson production cross sections at $\sqrt{s}=13$ TeV",
    collaboration   = "CMS",
    year            = "2017",
    type            = "{CMS Analysis Note}",
    number          = "CMS-AN-17-244"
    }

@unpublished{HIG-17-028,
    title           = "Measurement and interpretation of differential {H}iggs boson production cross sections at $\sqrt{s}=13$ TeV",
    collaboration   = "CMS",
    year            = "2018",
    reportNumber    = "CMS-HIG-17-028",
    note            = "To be submitted to \textit{Phys. Rev. B}"
    }


_____________________________________________________________

[1]
@article{Higgs:1964pj,
    author          = "Higgs, Peter W.",
    title           = "{B}roken {S}ymmetries and the {M}asses of {G}auge {B}osons",
    journal         = "Phys. Rev. Lett.",
    volume          = "13",
    year            = "1964",
    pages           = "508",
    doi             = "10.1103/PhysRevLett.13.508",
    ignorenote      = "[,160(1964)]",
    SLACcitation    = "%%CITATION = PRLTA,13,508;%%",
    ignoredoldtitle = "{Broken Symmetries and the Masses of Gauge Bosons}"
    }

[2]
@article{Englert:1964et,
    author          = "Englert, F. and Brout, R.",
    title           = "{B}roken {S}ymmetry and the {M}ass of {G}auge {V}ector {M}esons",
    journal         = "Phys. Rev. Lett.",
    volume          = "13",
    year            = "1964",
    pages           = "321",
    doi             = "10.1103/PhysRevLett.13.321",
    ignorenote      = "[,157(1964)]",
    SLACcitation    = "%%CITATION = PRLTA,13,321;%%",
    ignoredoldtitle = "{Broken Symmetry and the Mass of Gauge Vector Mesons}"
    }

[3]
@article{Guralnik:1964eu,
    author          = "Guralnik, G. S. and Hagen, C. R. and Kibble, T. W. B.",
    title           = "{G}lobal {C}onservation {L}aws and {M}assless {P}articles",
    journal         = "Phys. Rev. Lett.",
    volume          = "13",
    year            = "1964",
    pages           = "585",
    doi             = "10.1103/PhysRevLett.13.585",
    ignorenote      = "[,162(1964)]",
    SLACcitation    = "%%CITATION = PRLTA,13,585;%%",
    ignoredoldtitle = "{Global Conservation Laws and Massless Particles}"
    }

[4]
@article{Aad:2012tfa,
    author          = "Aad, Georges and others",
    title           = "{O}bservation of a new particle in the search for the {S}tandard {M}odel {H}iggs boson with the {ATLAS} detector at the {LHC}",
    collaboration   = "ATLAS",
    journal         = "Phys. Lett. B",
    volume          = "716",
    year            = "2012",
    pages           = "1",
    doi             = "10.1016/j.physletb.2012.08.020",
    eprint          = "1207.7214",
    archivePrefix   = "arXiv",
    primaryClass    = "hep-ex",
    reportNumber    = "CERN-PH-EP-2012-218",
    SLACcitation    = "%%CITATION = ARXIV:1207.7214;%%",
    ignoredoldtitle = "{Observation of a new particle in the search for the Standard Model Higgs boson with the ATLAS detector at the LHC}"
    }

[5]
@article{Chatrchyan:2012xdj,
    author          = "Chatrchyan, Serguei and others",
    title           = "{O}bservation of a new boson at a mass of 125 {GeV} with the {CMS} experiment at the {LHC}",
    collaboration   = "CMS",
    journal         = "Phys. Lett. B",
    volume          = "716",
    year            = "2012",
    pages           = "30",
    doi             = "10.1016/j.physletb.2012.08.021",
    eprint          = "1207.7235",
    archivePrefix   = "arXiv",
    primaryClass    = "hep-ex",
    reportNumber    = "CMS-HIG-12-028, CERN-PH-EP-2012-220",
    SLACcitation    = "%%CITATION = ARXIV:1207.7235;%%",
    ignoredoldtitle = "{Observation of a new boson at a mass of 125 GeV with the CMS experiment at the LHC}"
    }

[6]
@article{Chatrchyan:2013lba,
    author          = "Chatrchyan, Serguei and others",
    title           = "{O}bservation of a new boson with mass near 125 {GeV} in pp collisions at {$\sqrt{s}$} = 7 and 8 {TeV}",
    collaboration   = "CMS",
    journal         = "JHEP",
    volume          = "06",
    year            = "2013",
    pages           = "081",
    doi             = "10.1007/JHEP06(2013)081",
    eprint          = "1303.4571",
    archivePrefix   = "arXiv",
    primaryClass    = "hep-ex",
    reportNumber    = "CMS-HIG-12-036, CERN-PH-EP-2013-035",
    SLACcitation    = "%%CITATION = ARXIV:1303.4571;%%",
    ignoredoldtitle = "{Observation of a new boson with mass near 125 GeV in pp collisions at $\sqrt{s}$ = 7 and 8 TeV}"
    }

[7]
@article{Khachatryan:2016vau,
    author          = "{ATLAS and CMS Collaborations}",
    title           = "{M}easurements of the {H}iggs boson production and decay rates and constraints on its couplings from a combined {ATLAS} and {CMS} analysis of the {LHC} pp collision data at {$\sqrt{s}$} = 7 and 8 {TeV}",
    journal         = "JHEP",
    volume          = "08",
    year            = "2016",
    pages           = "045",
    doi             = "10.1007/JHEP08(2016)045",
    eprint          = "1606.02266",
    archivePrefix   = "arXiv",
    primaryClass    = "hep-ex",
    reportNumber    = "CERN-EP-2016-100, ATLAS-HIGG-2015-07, CMS-HIG-15-002",
    SLACcitation    = "%%CITATION = ARXIV:1606.02266;%%",
    ignoredoldtitle = "{Measurements of the Higgs boson production and decay rates and constraints on its couplings from a combined ATLAS and CMS analysis of the LHC pp collision data at $ \sqrt{s}.=7 $ and 8 TeV}"
    }

[8]
@article{Aad:2015zhl,
    author          = "{ATLAS and CMS Collaborations}",
    title           = "{C}ombined {M}easurement of the {H}iggs {B}oson {M}ass in {$pp$} {C}ollisions at {$\sqrt{s}$} = 7 and 8 {TeV} with the {ATLAS} and {CMS} {E}xperiments",
    journal         = "Phys. Rev. Lett.",
    volume          = "114",
    year            = "2015",
    pages           = "191803",
    doi             = "10.1103/PhysRevLett.114.191803",
    eprint          = "1503.07589",
    archivePrefix   = "arXiv",
    primaryClass    = "hep-ex",
    reportNumber    = "ATLAS-HIGG-2014-14, CMS-HIG-14-042, CERN-PH-EP-2015-075",
    SLACcitation    = "%%CITATION = ARXIV:1503.07589;%%",
    ignoredoldtitle = "{Combined Measurement of the Higgs Boson Mass in $pp$ Collisions at $\sqrt{s}=7$ and 8 TeV with the ATLAS and CMS Experiments}"
    }

[9]
@unpublished{Sirunyan:2018koj,
    author          = "Sirunyan, Albert M and others",
    title           = "{C}ombined measurements of {H}iggs boson couplings in proton-proton collisions at {$\sqrt{s}=$} 13 {TeV}",
    collaboration   = "CMS",
    year            = "2018",
    eprint          = "1809.10733",
    archivePrefix   = "arXiv",
    primaryClass    = "hep-ex",
    reportNumber    = "CMS-HIG-17-031, CERN-EP-2018-263",
    SLACcitation    = "%%CITATION = ARXIV:1809.10733;%%",
    note            = "Submitted to \textit{Eur. Phys. J. C}",
    ignoredoldtitle = "{Combined measurements of Higgs boson couplings in proton-proton collisions at $\sqrt{s}=$ 13 TeV}"
    }

[10]
@article{Dimopoulos:1981zb,
    author          = "Dimopoulos, Savas and Georgi, Howard",
    title           = "{S}oftly {B}roken {S}upersymmetry and {SU(5)}",
    journal         = "Nucl. Phys. B",
    volume          = "193",
    year            = "1981",
    pages           = "150",
    doi             = "10.1016/0550-3213(81)90522-8",
    reportNumber    = "HUTP-81/A022",
    SLACcitation    = "%%CITATION = NUPHA,B193,150;%%",
    ignoredoldtitle = "{Softly Broken Supersymmetry and SU(5)}"
    }

[11]
@article{Witten:1981nf,
    author          = "Witten, Edward",
    title           = "{D}ynamical {B}reaking of {S}upersymmetry",
    journal         = "Nucl. Phys. B",
    volume          = "188",
    year            = "1981",
    pages           = "513",
    doi             = "10.1016/0550-3213(81)90006-7",
    reportNumber    = "Print-81-0317 (PRINCETON)",
    SLACcitation    = "%%CITATION = NUPHA,B188,513;%%",
    ignoredoldtitle = "{Dynamical Breaking of Supersymmetry}"
    }

[12]
@article{Bishara:2016jga,
    author          = "Bishara, Fady and Haisch, Ulrich and Monni, Pier Francesco and Re, Emanuele",
    title           = "{C}onstraining {Light-Quark} {Y}ukawa {C}ouplings from {H}iggs {D}istributions",
    journal         = "Phys. Rev. Lett.",
    volume          = "118",
    year            = "2017",
    pages           = "121801",
    doi             = "10.1103/PhysRevLett.118.121801",
    eprint          = "1606.09253",
    archivePrefix   = "arXiv",
    primaryClass    = "hep-ph",
    SLACcitation    = "%%CITATION = ARXIV:1606.09253;%%",
    ignoredoldtitle = "{Constraining Light-Quark Yukawa Couplings from Higgs Distributions}"
    }

[13]
@article{Aad:2015lha,
    author          = "Aad, Georges and others",
    title           = "{M}easurements of the {T}otal and {D}ifferential {H}iggs {B}oson {P}roduction {C}ross {S}ections {C}ombining the {$H\rightarrow\gamma\gamma$} and {$H\rightarrow ZZ \rightarrow 4\ell$} {D}ecay {C}hannels at {$\sqrt{s}$} = 8 {TeV} with the {ATLAS} {D}etector",
    collaboration   = "ATLAS",
    journal         = "Phys. Rev. Lett.",
    volume          = "115",
    year            = "2015",
    pages           = "091801",
    doi             = "10.1103/PhysRevLett.115.091801",
    eprint          = "1504.05833",
    archivePrefix   = "arXiv",
    primaryClass    = "hep-ex",
    reportNumber    = "CERN-PH-EP-2015-048",
    SLACcitation    = "%%CITATION = ARXIV:1504.05833;%%",
    ignoredoldtitle = "{Measurements of the Total and Differential Higgs Boson Production Cross Sections Combining the $H\rightarrow\gamma\gamma$ and $H\rightarrow ZZ \rightarrow 4\ell$ Decay Channels at $\sqrt{s}$=8 TeV with the ATLAS Detector}"
    }

[14]
@article{Aad:2015sda,
    author          = "Aad, Georges and others",
    title           = "{S}earch for {H}iggs and {Z} {B}oson {D}ecays to {J}/{$\psi\gamma$} and {$\Upsilon(nS)\gamma$} with the {ATLAS} {D}etector",
    collaboration   = "ATLAS",
    journal         = "Phys. Rev. Lett.",
    volume          = "114",
    year            = "2015",
    pages           = "121801",
    doi             = "10.1103/PhysRevLett.114.121801",
    eprint          = "1501.03276",
    archivePrefix   = "arXiv",
    primaryClass    = "hep-ex",
    reportNumber    = "CERN-PH-EP-2014-294",
    SLACcitation    = "%%CITATION = ARXIV:1501.03276;%%",
    ignoredoldtitle = "{Search for Higgs and Z Boson Decays to J/$\psi\gamma$ and $\Upsilon(nS)\gamma$ with the ATLAS Detector}"
    }

[15]
@article{Koenig:2015pha,
    author          = "K{\"o}nig, Matthias and Neubert, Matthias",
    title           = "{E}xclusive {R}adiative {H}iggs {D}ecays as {P}robes of {Light-Quark} {Y}ukawa {C}ouplings",
    journal         = "JHEP",
    volume          = "08",
    year            = "2015",
    pages           = "012",
    doi             = "10.1007/JHEP08(2015)012",
    eprint          = "1505.03870",
    archivePrefix   = "arXiv",
    primaryClass    = "hep-ph",
    reportNumber    = "MITP-15-031",
    SLACcitation    = "%%CITATION = ARXIV:1505.03870;%%",
    ignoredoldtitle = "{Exclusive Radiative Higgs Decays as Probes of Light-Quark Yukawa Couplings}"
    }

[16]
@article{Aaboud:2018fhh,
    author          = "Aaboud, M. and others",
    title           = "{S}earch for the {D}ecay of the {H}iggs {B}oson to {C}harm {Q}uarks with the {ATLAS} {E}xperiment",
    collaboration   = "ATLAS",
    journal         = "Phys. Rev. Lett.",
    volume          = "120",
    year            = "2018",
    pages           = "211802",
    doi             = "10.1103/PhysRevLett.120.211802",
    eprint          = "1802.04329",
    archivePrefix   = "arXiv",
    primaryClass    = "hep-ex",
    reportNumber    = "CERN-EP-2017-334",
    SLACcitation    = "%%CITATION = ARXIV:1802.04329;%%",
    ignoredoldtitle = "{Search for the Decay of the Higgs Boson to Charm Quarks with the ATLAS Experiment}"
    }

[17]
@article{Aad:2014lwa,
    author          = "Aad, Georges and others",
    title           = "{M}easurements of fiducial and differential cross sections for {H}iggs boson production in the diphoton decay channel at {$\sqrt{s}$} = 8 {TeV} with {ATLAS}",
    collaboration   = "ATLAS",
    journal         = "JHEP",
    volume          = "09",
    year            = "2014",
    pages           = "112",
    doi             = "10.1007/JHEP09(2014)112",
    eprint          = "1407.4222",
    archivePrefix   = "arXiv",
    primaryClass    = "hep-ex",
    reportNumber    = "CERN-PH-EP-2014-148",
    SLACcitation    = "%%CITATION = ARXIV:1407.4222;%%",
    ignoredoldtitle = "{Measurements of fiducial and differential cross sections for Higgs boson production in the diphoton decay channel at $\sqrt{s}=8$ TeV with ATLAS}"
    }

[18]
@article{Khachatryan:2015rxa,
    author          = "Khachatryan, Vardan and others",
    title           = "{M}easurement of differential cross sections for {H}iggs boson production in the diphoton decay channel in pp collisions at {$\sqrt{s}$} = 8 {TeV}",
    collaboration   = "CMS",
    journal         = "Eur. Phys. J. C",
    volume          = "76",
    year            = "2016",
    pages           = "13",
    doi             = "10.1140/epjc/s10052-015-3853-3",
    eprint          = "1508.07819",
    archivePrefix   = "arXiv",
    primaryClass    = "hep-ex",
    reportNumber    = "CMS-HIG-14-016, CERN-PH-EP-2015-195",
    SLACcitation    = "%%CITATION = ARXIV:1508.07819;%%",
    ignoredoldtitle = "{Measurement of differential cross sections for Higgs boson production in the diphoton decay channel in pp collisions at $\sqrt{s}=8\,\text {TeV} $}"
    }

[19]
@article{Aad:2014tca,
    author          = "Aad, Georges and others",
    title           = "{F}iducial and differential cross sections of {H}iggs boson production measured in the four-lepton decay channel in {$pp$} collisions at {$\sqrt{s}$} = 8 {TeV} with the {ATLAS} detector",
    collaboration   = "ATLAS",
    journal         = "Phys. Lett. B",
    volume          = "738",
    year            = "2014",
    pages           = "234",
    doi             = "10.1016/j.physletb.2014.09.054",
    eprint          = "1408.3226",
    archivePrefix   = "arXiv",
    primaryClass    = "hep-ex",
    reportNumber    = "CERN-PH-EP-2014-186",
    SLACcitation    = "%%CITATION = ARXIV:1408.3226;%%",
    ignoredoldtitle = "{Fiducial and differential cross sections of Higgs boson production measured in the four-lepton decay channel in $pp$ collisions at $\sqrt{s}$=8 TeV with the ATLAS detector}"
    }

[20]
@article{Khachatryan:2015yvw,
    author          = "Khachatryan, Vardan and others",
    title           = "{M}easurement of differential and integrated fiducial cross sections for {H}iggs boson production in the four-lepton decay channel in pp collisions at {$\sqrt{s}$} = 7 and 8 {TeV}",
    collaboration   = "CMS",
    journal         = "JHEP",
    volume          = "04",
    year            = "2016",
    pages           = "005",
    doi             = "10.1007/JHEP04(2016)005",
    eprint          = "1512.08377",
    archivePrefix   = "arXiv",
    primaryClass    = "hep-ex",
    reportNumber    = "CMS-HIG-14-028, CERN-PH-EP-2015-285",
    SLACcitation    = "%%CITATION = ARXIV:1512.08377;%%",
    ignoredoldtitle = "{Measurement of differential and integrated fiducial cross sections for Higgs boson production in the four-lepton decay channel in pp collisions at $ \sqrt{s}=7 $ and 8 TeV}"
    }

[21]
@article{Aad:2016lvc,
    author          = "Aad, Georges and others",
    title           = "{M}easurement of fiducial differential cross sections of gluon-fusion production of {H}iggs bosons decaying to {$WW^{*} \rightarrow e\nu\mu\nu$} with the {ATLAS} detector at {$\sqrt{s}$} = 8 {TeV}",
    collaboration   = "ATLAS",
    journal         = "JHEP",
    volume          = "08",
    year            = "2016",
    pages           = "104",
    doi             = "10.1007/JHEP08(2016)104",
    eprint          = "1604.02997",
    archivePrefix   = "arXiv",
    primaryClass    = "hep-ex",
    reportNumber    = "CERN-EP-2016-019",
    SLACcitation    = "%%CITATION = ARXIV:1604.02997;%%",
    ignoredoldtitle = "{Measurement of fiducial differential cross sections of gluon-fusion production of Higgs bosons decaying to $WW^{*} \rightarrow e\nu\mu\nu$ with the ATLAS detector at $\sqrt{s}=8 $ TeV}"
    }

[22]
@article{Khachatryan:2016vnn,
    author          = "Khachatryan, Vardan and others",
    title           = "{M}easurement of the transverse momentum spectrum of the {H}iggs boson produced in pp collisions at {$\sqrt{s}$} = 8 {TeV} using {$H \to WW$} decays",
    collaboration   = "CMS",
    journal         = "JHEP",
    volume          = "03",
    year            = "2017",
    pages           = "032",
    doi             = "10.1007/JHEP03(2017)032",
    eprint          = "1606.01522",
    archivePrefix   = "arXiv",
    primaryClass    = "hep-ex",
    reportNumber    = "CMS-HIG-15-010, CERN-EP-2016-125",
    SLACcitation    = "%%CITATION = ARXIV:1606.01522;%%",
    ignoredoldtitle = "{Measurement of the transverse momentum spectrum of the Higgs boson produced in pp collisions at $ \sqrt{s}=8 $ TeV using $H \to WW$ decays}"
    }

[23]
@unpublished{Aaboud:2018xdt,
    author          = "Aaboud, Morad and others",
    title           = "{M}easurements of {H}iggs boson properties in the diphoton decay channel with 36 fb{$^{-1}$} of {$pp$} collision data at {$\sqrt{s}$} = 13 {TeV} with the {ATLAS} detector",
    collaboration   = "ATLAS",
    year            = "2018",
    eprint          = "1802.04146",
    archivePrefix   = "arXiv",
    primaryClass    = "hep-ex",
    reportNumber    = "CERN-EP-2017-288",
    SLACcitation    = "%%CITATION = ARXIV:1802.04146;%%",
    note            = "Submitted to \textit{Phys. Rev. D}",
    ignoredoldtitle = "{Measurements of Higgs boson properties in the diphoton decay channel with 36 fb$^{-1}$ of $pp$ collision data at $\sqrt{s} = 13$ TeV with the ATLAS detector}"
    }

[24]
@unpublished{Sirunyan:2018kta,
    author          = "Sirunyan, Albert M. and others",
    title           = "{M}easurement of inclusive and differential {H}iggs boson production cross sections in the diphoton decay channel in proton-proton collisions at {$\sqrt{s}=$} 13 {TeV}",
    collaboration   = "CMS",
    year            = "2018",
    eprint          = "1807.03825",
    archivePrefix   = "arXiv",
    primaryClass    = "hep-ex",
    reportNumber    = "CMS-HIG-17-025, CERN-EP-2018-166",
    SLACcitation    = "%%CITATION = ARXIV:1807.03825;%%",
    ignoredoldtitle = "{Measurement of inclusive and differential Higgs boson production cross sections in the diphoton decay channel in proton-proton collisions at $\sqrt{s}=$ 13 TeV}",
    note            = "Submitted to \textit{JHEP}"
    }

[25]
@article{Aaboud:2017oem,
    author          = "Aaboud, Morad and others",
    title           = "{M}easurement of inclusive and differential cross sections in the {$H \rightarrow ZZ^* \rightarrow 4\ell$} decay channel in {$pp$} collisions at {$\sqrt{s}$} = 13 {TeV} with the {ATLAS} detector",
    collaboration   = "ATLAS",
    journal         = "JHEP",
    volume          = "10",
    year            = "2017",
    pages           = "132",
    doi             = "10.1007/JHEP10(2017)132",
    eprint          = "1708.02810",
    archivePrefix   = "arXiv",
    primaryClass    = "hep-ex",
    reportNumber    = "CERN-EP-2017-139",
    SLACcitation    = "%%CITATION = ARXIV:1708.02810;%%",
    ignoredoldtitle = "{Measurement of inclusive and differential cross sections in the $H \rightarrow ZZ^* \rightarrow 4\ell$ decay channel in $pp$ collisions at $\sqrt{s}=13$ TeV with the ATLAS detector}"
    }

[26]
@article{CMS_AN_2016-442,
    author          = "Sirunyan, Albert M and others",
    title           = "{M}easurements of properties of the {H}iggs boson decaying into the four-lepton final state in pp collisions at {$ \sqrt{s}$} = 13 {TeV}",
    collaboration   = "CMS",
    journal         = "JHEP",
    volume          = "11",
    year            = "2017",
    pages           = "047",
    doi             = "10.1007/JHEP11(2017)047",
    eprint          = "1706.09936",
    archivePrefix   = "arXiv",
    primaryClass    = "hep-ex",
    reportNumber    = "CMS-HIG-16-041, CERN-EP-2017-123",
    SLACcitation    = "%%CITATION = ARXIV:1706.09936;%%",
    ignoredoldtitle = "{Measurements of properties of the Higgs boson decaying into the four-lepton final state in pp collisions at $ \sqrt{s}=13 $ TeV}"
    }

[27]
@unpublished{Aaboud:2018ezd,
    author          = "Aaboud, Morad and others",
    title           = "{C}ombined measurement of differential and total cross sections in the {$H \rightarrow \gamma \gamma$} and the {$H \rightarrow ZZ^* \rightarrow 4\ell$} decay channels at {$\sqrt{s}$} = 13 {TeV} with the {ATLAS} detector",
    collaboration   = "ATLAS",
    doi             = "10.1016/j.physletb.2018.09.019",
    year            = "2018",
    eprint          = "1805.10197",
    archivePrefix   = "arXiv",
    primaryClass    = "hep-ex",
    reportNumber    = "CERN-EP-2018-080",
    SLACcitation    = "%%CITATION = ARXIV:1805.10197;%%",
    ignoredoldtitle = "{C}ombined measurement of differential and total cross sections in the $H \rightarrow \gamma \gamma$ and the $H \rightarrow ZZ^* \rightarrow 4\ell$ decay channels at $\sqrt{s} = 13$ {TeV} with the {ATLAS} detector",
    note            = "Submitted to \textit{Phys. Lett. B}"
    }

[28]
@article{CMS_AN_2016-366,
    author          = "Sirunyan, Albert M and others",
    title           = "{I}nclusive search for a highly boosted {H}iggs boson decaying to a bottom quark-antiquark pair",
    collaboration   = "CMS",
    journal         = "Phys. Rev. Lett.",
    volume          = "120",
    year            = "2018",
    pages           = "071802",
    doi             = "10.1103/PhysRevLett.120.071802",
    eprint          = "1709.05543",
    archivePrefix   = "arXiv",
    primaryClass    = "hep-ex",
    reportNumber    = "CMS-HIG-17-010, CERN-EP-2017-207",
    SLACcitation    = "%%CITATION = ARXIV:1709.05543;%%",
    ignoredoldtitle = "{Inclusive search for a highly boosted Higgs boson decaying to a bottom quark-antiquark pair}"
    }

[29]
@article{Sirunyan:2017ulk,
    author          = "Sirunyan, A. M. and others",
    title           = "{P}article-flow reconstruction and global event description with the {CMS} detector",
    collaboration   = "CMS",
    journal         = "JINST",
    volume          = "12",
    year            = "2017",
    pages           = "P10003",
    doi             = "10.1088/1748-0221/12/10/P10003",
    eprint          = "1706.04965",
    archivePrefix   = "arXiv",
    primaryClass    = "physics.ins-det",
    reportNumber    = "CMS-PRF-14-001, CERN-EP-2017-110",
    SLACcitation    = "%%CITATION = ARXIV:1706.04965;%%",
    ignoredoldtitle = "{Particle-flow reconstruction and global event description with the CMS detector}"
    }

[30]
@article{Cacciari:2008gp,
    author          = "Cacciari, Matteo and Salam, Gavin P. and Soyez, Gregory",
    title           = "{T}he {A}nti-k(t) jet clustering algorithm",
    journal         = "JHEP",
    volume          = "04",
    year            = "2008",
    pages           = "063",
    doi             = "10.1088/1126-6708/2008/04/063",
    eprint          = "0802.1189",
    archivePrefix   = "arXiv",
    primaryClass    = "hep-ph",
    reportNumber    = "LPTHE-07-03",
    SLACcitation    = "%%CITATION = ARXIV:0802.1189;%%",
    ignoredoldtitle = "{The Anti-k(t) jet clustering algorithm}"
    }

[31]
@article{Chatrchyan:2008zzk,
    author        = "Chatrchyan, S. and others",
    collaboration = "CMS",
    title         = "The {CMS} experiment at the {CERN} {LHC}",
    journal       = "JINST",
    volume        = "3",
    year          = "2008",
    pages         = "S08004",
    doi           = "10.1088/1748-0221/3/08/S08004",
    SLACcitation  = "%%CITATION = JINST,3,S08004;%%"
    }

[32]
@article{Alwall:2014hca,
    author          = "Alwall, J. and Frederix, R. and Frixione, S. and Hirschi, V. and Maltoni, F. and Mattelaer, O. and Shao, H. -S. and Stelzer, T. and Torrielli, P. and Zaro, M.",
    title           = "{T}he automated computation of tree-level and next-to-leading order differential cross sections, and their matching to parton shower simulations",
    journal         = "JHEP",
    volume          = "07",
    year            = "2014",
    pages           = "079",
    doi             = "10.1007/JHEP07(2014)079",
    eprint          = "1405.0301",
    archivePrefix   = "arXiv",
    primaryClass    = "hep-ph",
    reportNumber    = "CERN-PH-TH-2014-064, CP3-14-18, LPN14-066, MCNET-14-09, ZU-TH-14-14",
    SLACcitation    = "%%CITATION = ARXIV:1405.0301;%%",
    ignoredoldtitle = "{The automated computation of tree-level and next-to-leading order differential cross sections, and their matching to parton shower simulations}"
    }

[33]
@article{Sjostrand:2014zea,
    author          = "Sj{\"o}strand, Torbj{\"o}rn and Ask, Stefan and Christiansen, Jesper R. and Corke, Richard and Desai, Nishita and Ilten, Philip and Mrenna, Stephen and Prestel, Stefan and Rasmussen, Christine O. and Skands, Peter Z.",
    title           = "{A}n {I}ntroduction to {PYTHIA} 8.2",
    journal         = "Comput. Phys. Commun.",
    volume          = "191",
    year            = "2015",
    pages           = "159",
    doi             = "10.1016/j.cpc.2015.01.024",
    eprint          = "1410.3012",
    archivePrefix   = "arXiv",
    primaryClass    = "hep-ph",
    reportNumber    = "LU-TP-14-36, MCNET-14-22, CERN-PH-TH-2014-190, FERMILAB-PUB-14-316-CD, DESY-14-178, SLAC-PUB-16122",
    SLACcitation    = "%%CITATION = ARXIV:1410.3012;%%",
    ignoredoldtitle = "{An Introduction to PYTHIA 8.2}"
    }

[34]
@article{Skands:1695787,
    author          = "Skands, Peter and Carrazza, Stefano and Rojo, Juan",
    title           = "{T}uning {PYTHIA} 8.1: the {M}onash 2013 {T}une",
    journal         = "Eur. Phys. J. C",
    volume          = "74",
    year            = "2014",
    pages           = "3024",
    doi             = "10.1140/epjc/s10052-014-3024-y",
    eprint          = "1404.5630",
    archivePrefix   = "arXiv",
    primaryClass    = "hep-ph",
    reportNumber    = "CERN-PH-TH-2014-069, MCNET-14-08, OUTP-14-05P",
    SLACcitation    = "%%CITATION = ARXIV:1404.5630;%%",
    ignoredoldtitle = "{Tuning PYTHIA 8.1: the Monash 2013 Tune}"
    }

[35]
@article{Frederix:2012ps,
    author          = "Frederix, Rikkert and Frixione, Stefano",
    title           = "{M}erging meets matching in {MC@NLO}",
    journal         = "JHEP",
    volume          = "12",
    year            = "2012",
    pages           = "061",
    doi             = "10.1007/JHEP12(2012)061",
    eprint          = "1209.6215",
    archivePrefix   = "arXiv",
    primaryClass    = "hep-ph",
    reportNumber    = "CERN-PH-TH-2012-247, ZU-TH-21-12",
    SLACcitation    = "%%CITATION = ARXIV:1209.6215;%%",
    ignoredoldtitle = "{Merging meets matching in MC@NLO}"
    }

[36]
@article{Hamilton:2012np,
    author          = "Hamilton, Keith and Nason, Paolo and Zanderighi, Giulia",
    title           = "{MINLO:} {Multi-Scale} {I}mproved {NLO}",
    journal         = "JHEP",
    volume          = "10",
    year            = "2012",
    pages           = "155",
    doi             = "10.1007/JHEP10(2012)155",
    eprint          = "1206.3572",
    archivePrefix   = "arXiv",
    primaryClass    = "hep-ph",
    reportNumber    = "CERN-PH-TH-2012-166, OUTP-12-11P, MCNET-12-07",
    SLACcitation    = "%%CITATION = ARXIV:1206.3572;%%",
    ignoredoldtitle = "{MINLO: Multi-Scale Improved NLO}"
    }

[37]
@article{Kardos:2014dua,
    author          = "Kardos, Adam and Nason, Paolo and Oleari, Carlo",
    title           = "{T}hree-jet production in {POWHEG}",
    journal         = "JHEP",
    volume          = "04",
    year            = "2014",
    pages           = "043",
    doi             = "10.1007/JHEP04(2014)043",
    eprint          = "1402.4001",
    archivePrefix   = "arXiv",
    primaryClass    = "hep-ph",
    SLACcitation    = "%%CITATION = ARXIV:1402.4001;%%",
    ignoredoldtitle = "{Three-jet production in POWHEG}"
    }

[38]
@article{Ball:2014uwa,
    author          = "Ball, Richard D. and others",
    title           = "{P}arton distributions for the {LHC} {R}un {II}",
    collaboration   = "NNPDF",
    journal         = "JHEP",
    volume          = "04",
    year            = "2015",
    pages           = "040",
    doi             = "10.1007/JHEP04(2015)040",
    eprint          = "1410.8849",
    archivePrefix   = "arXiv",
    primaryClass    = "hep-ph",
    reportNumber    = "EDINBURGH-2014-15, IFUM-1034-FT, CERN-PH-TH-2013-253, OUTP-14-11P, CAVENDISH-HEP-14-11",
    SLACcitation    = "%%CITATION = ARXIV:1410.8849;%%",
    ignoredoldtitle = "{Parton distributions for the LHC Run II}"
    }

[39]
@article{Dasgupta:2013ihk,
    author          = "Dasgupta, Mrinal and Fregoso, Alessandro and Marzani, Simone and Salam, Gavin P.",
    title           = "{T}owards an understanding of jet substructure",
    journal         = "JHEP",
    volume          = "09",
    year            = "2013",
    pages           = "029",
    doi             = "10.1007/JHEP09(2013)029",
    eprint          = "1307.0007",
    archivePrefix   = "arXiv",
    primaryClass    = "hep-ph",
    reportNumber    = "CERN-PH-TH-2013-145, DCPT-13-86, IPPP-13-43, LPN13-036, MAN-HEP-2013-12",
    SLACcitation    = "%%CITATION = ARXIV:1307.0007;%%",
    ignoredoldtitle = "{Towards an understanding of jet substructure}"
    }

[40]
@article{Larkoski:2014wba,
    author          = "Larkoski, Andrew J. and Marzani, Simone and Soyez, Gregory and Thaler, Jesse",
    title           = "{S}oft {D}rop",
    journal         = "JHEP",
    volume          = "05",
    year            = "2014",
    pages           = "146",
    doi             = "10.1007/JHEP05(2014)146",
    eprint          = "1402.2657",
    archivePrefix   = "arXiv",
    primaryClass    = "hep-ph",
    reportNumber    = "MIT-CTP-4531, DCPT-14-24, IPPP-14-12",
    SLACcitation    = "%%CITATION = ARXIV:1402.2657;%%",
    ignoredoldtitle = "{Soft Drop}"
    }

[41]
@article{Dolen:2016kst,
    author          = "Dolen, James and Harris, Philip and Marzani, Simone and Rappoccio, Salvatore and Tran, Nhan",
    title           = "{T}hinking outside the {ROCs:} {D}esigning {D}ecorrelated {T}aggers {(DDT)} for jet substructure",
    journal         = "JHEP",
    volume          = "05",
    year            = "2016",
    pages           = "156",
    doi             = "10.1007/JHEP05(2016)156",
    eprint          = "1603.00027",
    archivePrefix   = "arXiv",
    primaryClass    = "hep-ph",
    reportNumber    = "FERMILAB-PUB-16-046-PPD",
    SLACcitation    = "%%CITATION = ARXIV:1603.00027;%%",
    ignoredoldtitle = "{Thinking outside the ROCs: Designing Decorrelated Taggers (DDT) for jet substructure}"
    }

[42]
@article{Moult:2016cvt,
    author          = "Moult, Ian and Necib, Lina and Thaler, Jesse",
    title           = "{N}ew {A}ngles on {E}nergy {C}orrelation {F}unctions",
    journal         = "JHEP",
    volume          = "12",
    year            = "2016",
    pages           = "153",
    doi             = "10.1007/JHEP12(2016)153",
    eprint          = "1609.07483",
    archivePrefix   = "arXiv",
    primaryClass    = "hep-ph",
    reportNumber    = "MIT-CTP-4825",
    SLACcitation    = "%%CITATION = ARXIV:1609.07483;%%",
    ignoredoldtitle = "{New Angles on Energy Correlation Functions}"
    }

[43]
@article{Larkoski:2013eya,
    author          = "Larkoski, Andrew J. and Salam, Gavin P. and Thaler, Jesse",
    title           = "{E}nergy {C}orrelation {F}unctions for {J}et {S}ubstructure",
    journal         = "JHEP",
    volume          = "06",
    year            = "2013",
    pages           = "108",
    doi             = "10.1007/JHEP06(2013)108",
    eprint          = "1305.0007",
    archivePrefix   = "arXiv",
    primaryClass    = "hep-ph",
    reportNumber    = "MIT-CTP-4446, CERN-PH-TH-2013-066, LPN13-026",
    SLACcitation    = "%%CITATION = ARXIV:1305.0007;%%",
    ignoredoldtitle = "{Energy Correlation Functions for Jet Substructure}"
    }

[44]
@article{Thaler:2010tr,
    author          = "Thaler, Jesse and Van Tilburg, Ken",
    title           = "{I}dentifying {B}oosted {O}bjects with {N}-subjettiness",
    journal         = "JHEP",
    volume          = "03",
    year            = "2011",
    pages           = "015",
    doi             = "10.1007/JHEP03(2011)015",
    eprint          = "1011.2268",
    archivePrefix   = "arXiv",
    primaryClass    = "hep-ph",
    reportNumber    = "MIT-CTP-4191",
    SLACcitation    = "%%CITATION = ARXIV:1011.2268;%%",
    ignoredoldtitle = "{Identifying Boosted Objects with N-subjettiness}"
    }

[45]
@techreport{CMS:2016jdj,
    author          = "CMS Collaboration",
    title           = "{I}dentification of double-b quark jets in boosted event topologies",
    collaboration   = "CMS",
    year            = "2016",
    SLACcitation    = "%%CITATION = CMS-PAS-BTV-15-002;%%",
    type            = "{CMS Physics Analysis Summary}",
    number          = "CMS-PAS-BTV-15-002",
    ignoredoldtitle = "{Identification of double-b quark jets in boosted event topologies}"
    }

[46]
@incollection{Hansen:LShape,
    author          = "Hansen, Per Christian",
    title           = "{T}he {L}-curve and its use in the numerical treatment of inverse problems",
    year            = "2001",
    pages           = "119",
    url             = "https://www.sintef.no/globalassets/project/evitameeting/2005/lcurve.pdf",
    booktitle       = "Computational Inverse Problems in Electrocardiology",
    publisher       = "Southampton: WIT Press",
    ignoredoldtitle = "{The L-curve and its use in the numerical treatment of inverse problems}"
    }

[47]
@article{Cowan:2010js,
    author          = "Cowan, Glen and Cranmer, Kyle and Gross, Eilam and Vitells, Ofer",
    title           = "{A}symptotic formulae for likelihood-based tests of new physics",
    journal         = "Eur. Phys. J. C",
    volume          = "71",
    year            = "2011",
    pages           = "1554",
    doi             = "10.1140/epjc/s10052-011-1554-0",
    note            = "[Erratum: \doi{10.1140/epjc/s10052-013-2501-z}]",
    eprint          = "1007.1727",
    archivePrefix   = "arXiv",
    primaryClass    = "physics.data-an",
    SLACcitation    = "%%CITATION = ARXIV:1007.1727;%%",
    ignoredoldtitle = "{Asymptotic formulae for likelihood-based tests of new physics}"
    }

[48]
@inproceedings{Grazzini:2017szg,
    author          = "Grazzini, Massimiliano and Ilnicka, Agnieszka and Spira, Michael and Wiesemann, Marius",
    title           = "{E}ffective {F}ield {T}heory for {H}iggs properties parametrisation: the transverse momentum spectrum case",
    booktitle       = "{Proceedings, 52nd Rencontres de Moriond on QCD and High Energy Interactions: La Thuile, Italy, March 25-April 1, 2017}",
    url             = "https://inspirehep.net/record/1599583/files/arXiv:1705.05143.pdf",
    year            = "2017",
    pages           = "23",
    eprint          = "1705.05143",
    archivePrefix   = "arXiv",
    primaryClass    = "hep-ph",
    SLACcitation    = "%%CITATION = ARXIV:1705.05143;%%",
    ignoredoldtitle = "{Effective Field Theory for Higgs properties parametrisation: the transverse momentum spectrum case}"
    }

[49]
@article{Grazzini:2016paz,
    author          = "Grazzini, Massimiliano and Ilnicka, Agnieszka and Spira, Michael and Wiesemann, Marius",
    title           = "{M}odeling {BSM} effects on the {H}iggs transverse-momentum spectrum in an {EFT} approach",
    journal         = "JHEP",
    volume          = "03",
    year            = "2017",
    pages           = "115",
    doi             = "10.1007/JHEP03(2017)115",
    eprint          = "1612.00283",
    archivePrefix   = "arXiv",
    primaryClass    = "hep-ph",
    reportNumber    = "ZU-TH 43/16, PSI-PR-16-16, CERN-TH-2016-245",
    SLACcitation    = "%%CITATION = ARXIV:1612.00283;%%",
    ignoredoldtitle = "{Modeling BSM effects on the Higgs transverse-momentum spectrum in an EFT approach}"
    }

[50]
@article{LHCHXSWG:YR3,
    author          = "{LHC Higgs Cross Section Working Group}",
    title           = "{H}andbook of {LHC} {H}iggs {C}ross {S}ections: 3. {H}iggs {P}roperties",
    journal         = "CERN",
    doi             = "10.5170/CERN-2013-004",
    year            = "2013",
    eprint          = "1307.1347",
    archivePrefix   = "arXiv",
    primaryClass    = "hep-ph",
    reportNumber    = "CERN-2013-004, FERMILAB-CONF-13-667-T",
    SLACcitation    = "%%CITATION = ARXIV:1307.1347;%%",
    ignoredoldtitle = "{Handbook of LHC Higgs Cross Sections: 3. Higgs Properties}"
    }

[51]
@article{Banfi:2013eda,
    author          = "Banfi, Andrea and Monni, Pier Francesco and Zanderighi, Giulia",
    title           = "{Q}uark masses in {H}iggs production with a jet veto",
    journal         = "JHEP",
    volume          = "01",
    year            = "2014",
    pages           = "097",
    doi             = "10.1007/JHEP01(2014)097",
    eprint          = "1308.4634",
    archivePrefix   = "arXiv",
    primaryClass    = "hep-ph",
    SLACcitation    = "%%CITATION = ARXIV:1308.4634;%%",
    ignoredoldtitle = "{Quark masses in Higgs production with a jet veto}"
    }

[52]
@article{Bozzi:2003jy,
    author          = "Bozzi, G. and Catani, S. and de Florian, D. and Grazzini, M.",
    title           = "{T}he {$q_\text{T}$} spectrum of the {H}iggs boson at the {LHC} in {QCD} perturbation theory",
    journal         = "Phys. Lett. B",
    volume          = "564",
    year            = "2003",
    pages           = "65",
    doi             = "10.1016/S0370-2693(03)00656-7",
    eprint          = "hep-ph/0302104",
    archivePrefix   = "arXiv",
    primaryClass    = "hep-ph",
    reportNumber    = "CERN-TH-2003-026",
    SLACcitation    = "%%CITATION = HEP-PH/0302104;%%",
    ignoredoldtitle = "{The q(T) spectrum of the Higgs boson at the LHC in QCD perturbation theory}"
    }

[53]
@article{Becher:2010tm,
    author          = "Becher, Thomas and Neubert, Matthias",
    title           = "{Drell-Yan} {P}roduction at {S}mall {$q_\text{T}$}, {T}ransverse {P}arton {D}istributions and the {C}ollinear {A}nomaly",
    journal         = "Eur. Phys. J. C",
    volume          = "71",
    year            = "2011",
    pages           = "1665",
    doi             = "10.1140/epjc/s10052-011-1665-7",
    eprint          = "1007.4005",
    archivePrefix   = "arXiv",
    primaryClass    = "hep-ph",
    reportNumber    = "HD-THEP-10-13, MZ-TH-10-26",
    SLACcitation    = "%%CITATION = ARXIV:1007.4005;%%",
    ignoredoldtitle = "{{Drell-Yan} Production at Small $q_T$, Transverse Parton Distributions and the Collinear Anomaly}"
    }

[54]
@article{Monni:2016ktx,
    author          = "Monni, Pier Francesco and Re, Emanuele and Torrielli, Paolo",
    title           = "{H}iggs {Transverse-Momentum} {R}esummation in {D}irect {S}pace",
    journal         = "Phys. Rev. Lett.",
    volume          = "116",
    year            = "2016",
    pages           = "242001",
    doi             = "10.1103/PhysRevLett.116.242001",
    eprint          = "1604.02191",
    archivePrefix   = "arXiv",
    primaryClass    = "hep-ph",
    reportNumber    = "LAPTH-017-16, OUTP-16-07P",
    SLACcitation    = "%%CITATION = ARXIV:1604.02191;%%",
    ignoredoldtitle = "{Higgs Transverse-Momentum Resummation in Direct Space}"
    }

[55]
@article{deFlorian:2016spz,
    author          = "{LHC Higgs Cross Section Working Group}",
    title           = "{H}andbook of {LHC} {H}iggs {C}ross {S}ections: 4. {D}eciphering the {N}ature of the {H}iggs {S}ector",
    journal         = "CERN",
    doi             = "10.23731/CYRM-2017-002",
    year            = "2016",
    eprint          = "1610.07922",
    archivePrefix   = "arXiv",
    primaryClass    = "hep-ph",
    reportNumber    = "FERMILAB-FN-1025-T, CERN-2017-002-M",
    SLACcitation    = "%%CITATION = ARXIV:1610.07922;%%",
    ignoredoldtitle = "{Handbook of LHC Higgs Cross Sections: 4. Deciphering the Nature of the Higgs Sector}"
    }
